@inproceedings{hyksort,
  author    = {Hari Sundar and
               Dhairya Malhotra and
               George Biros},
  title     = {HykSort: a new variant of hypercube quicksort on distributed memory
               architectures},
  booktitle = {International Conference on Supercomputing, ICS'13, Eugene, OR, {USA}
               - June 10 - 14, 2013},
  pages     = {293--302},
  year      = {2013},
  url       = {http://doi.acm.org/10.1145/2464996.2465442},
  doi       = {10.1145/2464996.2465442},
  timestamp = {Wed, 29 May 2013 08:46:11 +0200},
  biburl    = {http://dblp.uni-trier.de/rec/bib/conf/ics/SundarMB13},
  bibsource = {dblp computer science bibliography, http://dblp.org}
}

@article{samplesort,
 author = {Frazer, W. D. and McKellar, A. C.},
 title = {Samplesort: A Sampling Approach to Minimal Storage Tree Sorting},
 journal = {J. ACM},
 issue_date = {July 1970},
 volume = {17},
 number = {3},
 month = jul,
 year = {1970},
 issn = {0004-5411},
 pages = {496--507},
 numpages = {12},
 url = {http://doi.acm.org/10.1145/321592.321600},
 doi = {10.1145/321592.321600},
 acmid = {321600},
 publisher = {ACM},
 address = {New York, NY, USA},
} 

@inproceedings{dendro,
  Author = {Rahul~S. Sampath and Santi~S. Adavani and Hari Sundar and Ilya Lashuk and George Biros},
  Booktitle = {SC'08: Proceedings of the International Conference for High Performance Computing, Networking, Storage, and Analysis},
  File = {SampathAdavaniSundarEtAl08.pdf:SampathAdavaniSundarEtAl08.pdf:PDF},
  Owner = {ccgo},
  Publisher = {ACM/IEEE},
  Timestamp = {2008.07.15},
  Title = {\texttt{Dendro}: Parallel algorithms for multigrid and {AMR} methods on 2:1 balanced octrees},
  Year = {2008}}

@MISC{sortbench,
  author = {Jim Gray},
  title = {Sort Benchmark Home Page},
  month = apr,
  year = {2013},
  howpublished = {\url{http://sortbenchmark.org/}}
}

@article{musser97,
  title={Introspective sorting and selection algorithms},
  author={Musser, D.R.},
  journal={Software Practice and Experience},
  volume={27},
  number={8},
  pages={983--993},
  year={1997}
}

@ARTICLE{zipf,
   author = {{G{\"u}nther}, R. and {Levitin}, L. and {Schapiro}, B. and {Wagner}, P.
  },
    title = "{Zipf 's law and the effect of ranking on probability distributions}",
  journal = {International Journal of Theoretical Physics},
     year = 1996,
    month = feb,
   volume = 35,
    pages = {395-417},
      doi = {10.1007/BF02083823},
   adsurl = {http://adsabs.harvard.edu/abs/1996IJTP...35..395G},
  adsnote = {Provided by the SAO/NASA Astrophysics Data System}
}

@article{chhugani08,
 author = {Chhugani, Jatin and Nguyen, Anthony D. and Lee, Victor W. and Macy, William and Hagog, Mostafa and Chen, Yen-Kuang and Baransi, Akram and Kumar, Sanjeev and Dubey, Pradeep},
 title = {Efficient implementation of sorting on multi-core SIMD CPU architecture},
 journal = {Proc. VLDB Endow.},
 issue_date = {August 2008},
 volume = {1},
 number = {2},
 month = aug,
 year = {2008},
 issn = {2150-8097},
 pages = {1313--1324},
 numpages = {12},
 url = {http://dl.acm.org/citation.cfm?id=1454159.1454171},
 acmid = {1454171},
 publisher = {VLDB Endowment},
} 


@Article{	  reif-valiant87,
  author	= {Reif, John H. and Valiant, Leslie G.},
  title		= {A logarithmic time sort for linear size networks},
  journal	= {Journal of the ACM},
  issue_date	= {Jan. 1987},
  volume	= {34},
  number	= {1},
  month		= jan,
  year		= {1987},
  issn		= {0004-5411},
  pages		= {60--76},
  numpages	= {17},
  doi		= {10.1145/7531.7532},
  acmid		= {7532},
  publisher	= {ACM},
  address	= {New York, NY, USA}
}

@Article{	  berthome00,
  title		= {Sorting-based selection algorithms for hypercubic
      networks},
  author	= {Berthom{\'e}, P. and Ferreira, A. and Maggs, BM and
      Perennes, S. and Plaxton, CG},
  journal	= {Algorithmica},
  volume	= {26},
  number	= {2},
  pages		= {237--254},
  year		= {2000},
  publisher	= {Springer}
}

@Article{	  blelloch98,
  title		= {An experimental analysis of parallel sorting algorithms},
  author	= {Blelloch, G.E. and Leiserson, C.E. and Maggs, B.M. and
      Plaxton, C.G. and Smith, S.J. and Zagha, M.},
  journal	= {Theory of Computing Systems},
  volume	= {31},
  number	= {2},
  pages		= {135--167},
  year		= {1998},
  publisher	= {Springer}
}

@InProceedings{	  blelloch91,
  title		= {A comparison of sorting algorithms for the connection
      machine {CM}-2},
  author	= {Blelloch, G.E. and Leiserson, C.E. and Maggs, B.M. and
      Plaxton, C.G. and Smith, S.J. and Zagha, M.},
  booktitle	= {Proceedings of the third annual ACM symposium on Parallel
      algorithms and architectures},
  pages		= {3--16},
  year		= {1991},
  organization	= {ACM}
}

@Article{	  wagar87,
  title		= {Hyperquicksort: A fast sorting algorithm for hypercubes},
  author	= {Wagar, BA},
  journal	= {Hypercube Multiprocessors},
  volume	= {1987},
  pages		= {292--299},
  year		= {1987},
  publisher	= {SIAM}
}

@InProceedings{	  kale93,
  title		= {A comparison based parallel sorting algorithm},
  author	= {Kale, L.V. and Krishnan, S.},
  booktitle	= {International Conference on Parallel Processing, 1993},
  volume	= {3},
  pages		= {196--200},
  year		= {1993},
  organization	= {IEEE}
}

@TechReport{	  satish10,
  title		= {Fast sort on {CPUs}, {GPUs} and intel {MIC}
      architectures},
  author	= {Satish, N. and Kim, C. and Chhugani, J. and Nguyen, A.D.
      and Lee, V.W. and Kim, D. and Dubey, P.},
  year		= {2010},
  institution	= {Technical report, Intel}
}

@InProceedings{	  leischner10,
  title		= {{GPU} sample sort},
  author	= {Leischner, N. and Osipov, V. and Sanders, P.},
  booktitle	= {Parallel \& Distributed Processing (IPDPS), 2010 IEEE
      International Symposium on},
  pages		= {1--10},
  year		= {2010},
  organization	= {IEEE}
}

@InProceedings{	  saukas98,
  title		= {Efficient selection algorithms on distributed memory
      computers},
  author	= {Saukas, E.L.G. and Song, SW},
  booktitle	= {SC98, IEEE/ACM Conference on Supercomputing, 1998},
  pages		= {20--20},
  year		= {1998},
  organization	= {IEEE}
}

@InProceedings{	  kim12,
  title		= {Cloud{RAMS}ort: fast and efficient large-scale distributed
      RAM sort on shared-nothing cluster},
  author	= {Kim, C. and Park, J. and Satish, N. and Lee, H. and Dubey,
      P. and Chhugani, J.},
  booktitle	= {Proceedings of the 2012 international conference on
      Management of Data},
  pages		= {841--850},
  year		= {2012},
  organization	= {ACM}
}

@Article{	  cheng07,
  title		= {A novel parallel sorting algorithm for contemporary
      architectures},
  author	= {Cheng, D.R. and Shah, V.B. and Gilbert, J.R. and Edelman,
      A.},
  journal	= {Int. J. Parallel Prog},
  pages		= {1--12},
  year		= {2007},
  publisher	= {Citeseer}
}

@InProceedings{	  solomonik10,
  title		= {Highly scalable parallel sorting},
  author	= {Solomonik, E. and Kale, L.V.},
  booktitle	= {Parallel \& Distributed Processing (IPDPS), 2010 IEEE
      International Symposium on},
  pages		= {1--12},
  year		= {2010},
  organization	= {IEEE}
}

@InProceedings{	  tritonsort,
  title		= {Tritonsort: A balanced large-scale sorting system},
  author	= {Rasmussen, A. and Porter, G. and Conley, M. and
      Madhyastha, H.V. and Mysore, R.N. and Pucher, A. and
      Vahdat, A.},
  booktitle	= {USENIX NSDI},
  volume	= {11},
  year		= {2011}
}

@Book{		  karypis03,
  author	= {A. Grama and A. Gupta and G. Karypis and V. Kumar},
  title		= {An Introduction to Parallel Computing: Design and Analysis
      of Algorithms},
  publisher	= {Addison Wesley},
  edition	= {Second},
  year		= 2003
}

@Article{	  lashuk-biros-e12,
  author	= {Lashuk, Ilya and Chandramowlishwaran, Aparna and Langston,
      Harper and Nguyen, Tuan-Anh and Sampath, Rahul and
      Shringarpure, Aashay and Vuduc, Richard and Ying, Lexing
      and Zorin, Denis and Biros, George},
  title		= {A massively parallel adaptive fast multipole method on
      heterogeneous architectures},
  journal	= {Communications of the ACM},
  issue_date	= {May 2012},
  volume	= {55},
  number	= {5},
  month		= may,
  year		= {2012},
  issn		= {0001-0782},
  pages		= {101--109},
  numpages	= {9},
  publisher	= {ACM},
  address	= {New York, NY, USA}
}

@Article{	  sundar-sampath-biros08,
  author	= {Hari Sundar and Rahul S. Sampath and George Biros},
  title		= {Bottom-Up Construction and 2:1 Balance Refinement of
      Linear Octrees in Parallel},
  journal	= {SIAM Journal on Scientific Computing},
  year		= {2008},
  volume	= {30},
  pages		= {2675--2708},
  number	= {5},
  address	= {Philadelphia, PA, USA},
  doi		= {http://dx.doi.org/10.1137/070681727},
  issn		= {1064-8275},
  publisher	= {Society for Industrial and Applied Mathematics}
}
