@misc{redis,
  title={Redis},
  author={Sanfilippo, Salvatore and Noordhuis, Pieter},
  note={http://redis.io},
}

@Book{TBB,
title = "Intel Threading Building Blocks: Outfitting C++ for Multi-Core Processor Parallelism",
author = "James Reinders",
Publisher = "O'Reilly",
year = 2007}
                  
@misc{modernGPU,
title = {Modern {GPU}},
author = "S. Baxter",
note = {http://nvlabs.github.io/moderngpu/}}

@misc{thrust_github,
title = {Thrust Library},
author = {Hoberock, Jared and Bell, Nathan},
note = {http://thrust.github.io/}}
 
@misc{culasparse,
title = "{CULA} $|$ sparse",
author = "EM Photonics and Nvidia",
note = {http://www.culatools.com/}}

@misc{cub,
title="CUDA Unbound (CUB)",
author = "D. Merrill",
note = {http://nvlabs.github.io/cub/}}

@misc{transpose,
title="In-place matrix transposition",
author = "B. Catanzaro",
note = {https://github.com/bryancatanzaro/inplace}}

@article{ufl,
author = {Davis,T.},
title = {The {U}niversity of {F}lorida {S}parse {M}atrix {C}ollection},
journal = {ACM Transactions on Mathematical Software},
 volume = {38},
 issue={1},
pages = {1:1-1:25},
year = {2011},
}
@inproceedings{sanjukta,
 author = {Bhowmick, Sanjukta and Toth, Brice and Raghavan, Padma},
 title = {Towards Low-Cost, High-Accuracy Classifiers for Linear Solver Selection},
 booktitle = {Proceedings of the 9th International Conference on Computational Science: Part I},
 series = {ICCS '09},
 year = {2009},
 isbn = {978-3-642-01969-2},
 location = {Baton Rouge, LA},
 pages = {463--472},
 numpages = {10},
 doi = {10.1007/978-3-642-01970-8_45},
 acmid = {1560810},
 publisher = {Springer-Verlag},
 address = {Berlin, Heidelberg},
} 

@book{padma,
 author = {Heroux, Michael A. and Raghavan, Padma and Simon, Horst D.},
 title = {Parallel Processing for Scientific Computing (Software,
Environments and Tools)},
 year = {2006},
 publisher = {Society for Industrial and Applied Mathematics},
 address = {Philadelphia, PA, USA},
 }
 
 @Misc{petsc-web-page,
            Author = "Satish Balay and Jed Brown and Kris Buschelman and William D. Gropp and Dinesh Kaushik and Matthew G. Knepley and Lois Curfman McInnes and Barry F. Smith and Hong Zhang",
            Title = "{PETSc} {W}eb page",
            Note = "http://www.mcs.anl.gov/petsc",
            Year = "2012"
          }

@TechReport{petsc-user-ref,
            Author = "Satish Balay and Jed Brown and and Kris Buschelman and Victor Eijkhout and William D.  Gropp and Dinesh Kaushik and Matthew G. Knepley and Lois Curfman McInnes and Barry F. Smith and Hong Zhang",
            Title = "{PETS}c Users Manual",
            Number = "ANL-95/11 - Revision 3.3",
            Institution = "Argonne National Laboratory",
            Year = "2012"
          }

@InProceedings{petsc-efficient,
            Author = "Satish Balay and William D. Gropp and Lois Curfman McInnes and Barry F.  Smith",
            Title = "Efficient Management of Parallelism in Object Oriented Numerical Software Libraries",
            Booktitle = "Modern Software Tools in Scientific Computing",
            Editor = "E. Arge and A. M. Bruaset and H. P. Langtangen",
            Pages = "163--202",
            Publisher = "Birkh{\"{a}}user Press",
            Year = "1997"
          }
@article{guo,
	author = {Guo, D and Gropp, W.},
	title = {Optimizing {S}parse {D}ata {S}tructures for {M}atrix-{V}ector {M}ultiply},
	journal ={International Journal of High Performance Computing Applications},
	volume = {25},
	year = {2011},
	pages = {115-131},
}

@INPROCEEDINGS{Im,
    author = {Im, E. and Yelick, K. A.},
    title = {Optimizing {S}parse {M}atrix {C}omputations for {R}egister {R}euse in {S}{P}{A}{R}{S}{I}{T}{Y}},
    booktitle = {Proceedings of the International Conference on Computational Science, volume 2073 of LNCS},
    year = {},
    pages = {127--136},
    publisher = {Springer}
}
@article{sparsity,
 author = {Im, E. and Yelick, K. A. and Vuduc, R.},
 title = {Sparsity: {O}ptimization {F}ramework for {S}parse {M}atrix {K}ernels},
 journal = {Int. J. High Perform. Comput. Appl.},
 volume = {18},
 number = {1},
 year = {2004},
 issn = {1094-3420},
 pages = {135--158},
 publisher = {Sage Publications, Inc.},
 address = {Thousand Oaks, CA, USA},
 }

@INPROCEEDINGS{vuduc,
    author = {Vuduc, R. and Moon, H.},
    title = {Fast {S}parse {M}atrix-{V}ector {M}ultiplication by {E}xploiting {V}ariable {B}lock {S}tructure},
    booktitle = {Proceedings of the High Performance Computing and Communications, volume 3726 of LNCS},
    year = {2005},
    isbn = {978-3-540-29031-5},
    pages = {807-816},
    publisher = {Springer}
}

@inproceedings{Merrill:2012,
 author = {Merrill, Duane and Garland, Michael and Grimshaw, Andrew},
 title = {Scalable GPU graph traversal},
 booktitle = {Proceedings of the 17th ACM SIGPLAN symposium on Principles and Practice of Parallel Programming},
 series = {PPoPP '12},
 year = {2012},
 isbn = {978-1-4503-1160-1},
 location = {New Orleans, Louisiana, USA},
 pages = {117--128},
 numpages = {12},
 acmid = {2145832},
 publisher = {ACM},
 address = {New York, NY, USA},
 keywords = {GPU, breadth-first search, cooperative allocation, graph algorithms, graph traversal, parallel algorithms, prefix sum, sparse graph},
}

@misc{back40,
  author={Duane Merrill and {et al.}},
  title={Back40 Computing},
  url={http://code.google.com/p/back40computing/},
  year={2012},
  }





@InProceedings{ Tiwari09,
    author = "Ananta Tiwari and Chun Chen and Jacqueline Chame and Mary Hall and Jeffrey K. Hollingsworth",
    title = "A Scalable Autotuning Framework for Compiler Optimization",
    booktitle = "IPDPS",
    address = "Rome, Italy",
    month = May,
    year = 2009
}

@article{crammer:2002,
 author = {Crammer, Koby and Singer, Yoram},
 title = {On the algorithmic implementation of multiclass kernel-based vector machines},
 journal = {J. Mach. Learn. Res.},
 issue_date = {3/1/2002},
 volume = {2},
 month = mar,
 year = {2002},
 issn = {1532-4435},
 pages = {265--292},
 numpages = {28},
 url = {http://dl.acm.org/citation.cfm?id=944790.944813},
 acmid = {944813},
 publisher = {JMLR.org},
}

@book{vapnik:95,
 author = {Vapnik, Vladimir N.},
 title = {The nature of statistical learning theory},
 year = {1995},
 isbn = {0-387-94559-8},
 publisher = {Springer-Verlag New York, Inc.},
 address = {New York, NY, USA},
} 

@book{vapnik:1998,
  title={Statistical learning theory},
  author={Vapnik, Vladimir N.},
  year={1998},
  publisher={Wiley, New York}
}

@article{mercer:98,
year={1998},
issn={1384-5810},
journal={Data Mining and Knowledge Discovery},
volume={2},
issue={2},
title={A Tutorial on Support Vector Machines for Pattern Recognition},
publisher={Kluwer Academic Publishers},
keywords={support vector machines; statistical learning theory; VC dimension; pattern recognition},
author={Burges, ChristopherJ.C.},
pages={121-167},
language={English}
}

@INPROCEEDINGS{joshi:09,
author={Joshi, A.J. and Porikli, F. and Papanikolopoulos, N.}, 
booktitle={Computer Vision and Pattern Recognition, 2009. CVPR 2009. IEEE Conference on}, title={Multi-class active learning for image classification}, 
year={2009}, 
month={june}, 
volume={}, 
number={}, 
pages={2372 -2379}, 
keywords={Humans;Image classification;Iterative algorithms;Labeling;Layout;Measurement uncertainty;Object recognition;Sampling methods;Size measurement;Training data;character recognition;image classification;learning (artificial intelligence);object recognition;uncertainty handling;digit recognition;image classification;labeling examples;letter recognition;multi-class active learning;object recognition;uncertainty sampling;}, 
ISSN={1063-6919},}

@article{leo:2001,
year={2001},
issn={0885-6125},
journal={Machine Learning},
volume={45},
issue={1},
title={Random Forests},
publisher={Kluwer Academic Publishers},
keywords={classification; regression; ensemble},
author={Breiman, Leo},
pages={5-32},
language={English}
}

@article{libsvm:2011,
 author = {Chang, Chih-Chung and Lin, Chih-Jen},
 title = {{LIBSVM}: A library for support vector machines},
 journal = {ACM Transactions on Intelligent Systems and Technology},
 volume = {2},
 issue = {3},
 year = {2011},
 pages = {27:1--27:27},
}

@inproceedings{cusp,
    author = {Nathan Bell and Michael Garland},
    title = {Implementing sparse matrix-vector multiplication on throughput-oriented processors},
    booktitle = {SC '09: Proc. Conference on High Performance Computing Networking, Storage and Analysis},
    month = nov,
    year = 2009,
}

@techreport{settles:2009,
  added-at = {2011-03-25T11:05:49.000+0100},
  author = {Settles, Burr},
  biburl = {http://www.bibsonomy.org/bibtex/211a6f820b613ae8cacc5cccfe41f6b38/beate},
  institution = {University of Wisconsin--Madison},
  interhash = {d21ffc0eaffcf51e86e81779fe2b22c2},
  intrahash = {11a6f820b613ae8cacc5cccfe41f6b38},
  keywords = {active-learning literature-review spam-detection survey},
  number = 1648,
  timestamp = {2011-03-25T11:05:49.000+0100},
  title = {Active Learning Literature Survey},
  type = {Computer Sciences Technical Report},
  url = {http://axon.cs.byu.edu/~martinez/classes/778/Papers/settles.activelearning.pdf},
  year = 2009
}

@article{Khan13,
 author = {Khan, Malik and Basu, Protonu and Rudy, Gabe and Hall, Mary and Chen, Chun and Chame, Jacqueline},
 title = {A script-based autotuning compiler system to generate high-performance CUDA code},
 journal = {ACM Trans. Archit. Code Optim.},
 issue_date = {January 2013},
 volume = {9},
 number = {4},
 month = jan,
 year = {2013},
 issn = {1544-3566},
 pages = {31:1--31:25},
 articleno = {31},
 numpages = {25},
 doi = {10.1145/2400682.2400690},
 acmid = {2400690},
 publisher = {ACM},
 address = {New York, NY, USA},
} 

@book{Taylor04,
 author = {Shawe-Taylor, John and Cristianini, Nello},
 title = {Kernel Methods for Pattern Analysis},
 year = {2004},
 isbn = {0521813972},
 publisher = {Cambridge University Press},
 address = {New York, NY, USA},
} 

@inproceedings{PetaBricks,
 author = {Ansel, Jason and Chan, Cy and Wong, Yee Lok and Olszewski, Marek and Zhao, Qin and Edelman, Alan and Amarasinghe, Saman},
 title = {PetaBricks: a language and compiler for algorithmic choice},
 booktitle = {Proceedings of the 2009 ACM SIGPLAN conference on Programming language design and implementation},
 series = {PLDI '09},
 year = {2009},
 isbn = {978-1-60558-392-1},
 location = {Dublin, Ireland},
 pages = {38--49},
 numpages = {12},
 acmid = {1542481},
 publisher = {ACM},
 address = {New York, NY, USA},
 keywords = {adaptive, algorithmic choice, autotuning, compiler, implicitly parallel, language},
} 

@InProceedings{increa11,
  title     = "An Efficient Evolutionary Algorithm for Solving Bottom Up Problems",
  author    = "Jason Ansel and Maciej Pacula and Saman Amarasinghe and Una-May O'Reilly",
  booktitle = "Annual Conference on Genetic and Evolutionary Computation",
  address   = "Dublin, Ireland",
  month     = "July",
  year      = "2011",
  keywords  = "PetaBricks",
}

@inproceedings{Tabatabaee05,
 author = {Tabatabaee, Vahid and Tiwari, Ananta and Hollingsworth, Jeffrey K.},
 title = {Parallel Parameter Tuning for Applications with Performance Variability},
 booktitle = {Proceedings of the 2005 ACM/IEEE conference on Supercomputing},
 series = {SC '05},
 month = Nov,
 year = {2005},
 isbn = {1-59593-061-2},
 acmid = {1105822},
 publisher = {IEEE Computer Society},
 address = {Washington, DC, USA},
} 

@inproceedings{Ren08,
  author    = {Manman Ren and
               Ji Young Park and
               Mike Houston and
               Alex Aiken and
               William J. Dally},
  title     = "{A Tuning Framework for Software-Managed Memory Hierarchies}",
  booktitle = "International Conference on Parallel Architectures and Compilation Techniques",
  year      = {2008},
  pages     = {280-291},
  month = {October}
}

@inproceedings{Fatahalian06,
 author = {Fatahalian, Kayvon and Horn, Daniel Reiter and Knight, Timothy J. and Leem, Larkhoon and Houston, Mike and Park, Ji Young and Erez, Mattan and Ren, Manman and Aiken, Alex and Dally, William J. and Hanrahan, Pat},
 title = {Sequoia: programming the memory hierarchy},
 booktitle = {Proceedings of the 2006 ACM/IEEE conference on Supercomputing},
 series = {SC '06},
 year = {2006},
 isbn = {0-7695-2700-0},
 location = {Tampa, Florida},
 articleno = {83},
 acmid = {1188543},
 publisher = {ACM},
 address = {New York, NY, USA},
}

@INPROCEEDINGS{Duane12, 
author={Merrill, D. and Garland, M. and Grimshaw, A.}, 
booktitle={Innovative Parallel Computing (InPar), 2012},
title={Policy-based tuning for performance portability and library co-optimization}, 
year={2012}, 
pages={1-10}, 
keywords={graphics processing units;parallel processing;performance evaluation;software reusability;contemporary GPU kernels;data parallelism;data type;duplicate removal;flexible granularity coarsening;library;library co-optimization;microarchitecture;modular programming;performance portability;policy-based design;policy-based tuning;prefix scan;problem size;reduction-by-key;segmented scan;software development practice;sorting;sparse graph traversal;tunable software components reusability;Graphics processing unit;Instruction sets;Kernel;Parallel processing;Registers;Tiles;Tuning;Performance;auto tuning;library design;metaprogramming;performance portability;policy;software reuse}, 
doi={10.1109/InPar.2012.6339597}
} 

@techreport { Chen08,
	title = {{CHiLL}: A Framework for Composing High-Level Loop Transformations},
	institution = {University of Southern California},
	number = {08-897},
	type = {Technical Report},
	month = {Jun},
	year = {2008},
	url = {http://www.cs.usc.edu/research/08-897.pdf},
	author = {Chen, Chun and Chame, Jacqueline and Hall, Mary W.}
}

@InProceedings{Rudy:2010,
 author = {Rudy, Gabe and Khan, Malik Murtaza and Hall, Mary and Chen, Chun and Chame Jacqueline},
 title = {A programming language interface to describe transformations and code generation},
 booktitle = {Proceedings of the 23rd international conference on Languages and compilers for parallel computing},
 series = {LCPC'10},
 year = {2011},
 isbn = {978-3-642-19594-5},
 location = {Houston, TX},
 pages = {136--150},
 numpages = {15},
 publisher = {Springer-Verlag},
 address = {Berlin, Heidelberg},
 Year = 2010
}

@phdthesis { Chen07c,
	year = {2007},
	month = {May},
	school = {University of Southern California},
	title = {Model-Guided Empirical Optimization for Memory Hierarchy},
	author = {Chen, Chun}
}

@INPROCEEDINGS{QingYi:07, 
author={Qing Yi and Seymour, K. and You, H. and Vuduc, R. and Quinlan, D.}, 
booktitle={Parallel and Distributed Processing Symposium, 2007. IPDPS 2007. IEEE International},
title={POET: Parameterized Optimizations for Empirical Tuning}, 
year={2007}, 
pages={1-8}, 
keywords={authoring languages;optimising compilers;program control structures;program diagnostics;POET embedded scripting language;code transformation;compiler-based source-code optimizer;empirical tuning system;linear algebra kernel;parameterized loop optimization;program analysis;static analysis;Application software;Kernel;Laboratories;Libraries;Linear algebra;Optimizing compilers;Performance analysis;Performance evaluation;Predictive models;Program processors}, 
doi={10.1109/IPDPS.2007.370637}
}

@inproceedings {JeffBilmes96,
    author = "Jeff Bilmes and Krste Asanovic and Chee-Whye Chin and Jim Demmel",
    title = "{O}ptimizing matrix multiply using {PHiPAC}: {A} portable, high-performance, {ANSI C} coding methodology",
    booktitle = "International Conference on Supercomputing",
    year = 1997,
pages = "340--347",
}

@INPROCEEDINGS{Whaley05, 
author={Whaley, R.C. and Whalley, D.B.}, 
booktitle={International Conference on Parallel Processing},
title={Timing high performance kernels through empirical compilation}, 
year={2005}, 
pages={89-98}, 
keywords={embedded systems;optimising compilers;parallel architectures;ATLAS package;ISA level;Moore Law;automated empirical systems;embedded systems;hardware evolution;high performance computing;iterative compilation;optimization;optimizing compilers;performance computing kernels;Assembly systems;Computer architecture;Embedded system;Hardware;High performance computing;Instruction sets;Kernel;Moore's Law;Optimizing compilers;Timing}, 
ISSN={0190-3918}
}

@TECHREPORT{Frigo97,
    author = {Matteo Frigo and Steven G. Johnson},
    title = {The Fastest {F}ourier Transform in the {W}est},
    institution = {MIT Lab for Computer Science},
    year = {1997},
    number = "MIT-LCS-TR728"
}

@ARTICLE{Puschel05, 
author={Puschel, M. and Moura, J. M F and Johnson, J.R. and Padua, D. and Veloso, M.M. and Singer, B.W. and Xiong, J. and Franchetti, F. and Gacic, A. and Voronenko, Y. and Chen, K. and Johnson, R.W. and Rizzolo, N.}, 
journal={Proceedings of the IEEE},
title={SPIRAL: Code Generation for DSP Transforms}, 
year={2005}, 
volume={93}, 
number={2}, 
pages={232-275}, 
keywords={discrete Fourier transforms;discrete wavelet transforms;mathematics computing;optimising compilers;signal processing;DSP transforms;SPIRAL;code generation;computer microarchitecture;discrete Fourier transform;discrete wavelet transforms;diverse computing platforms;domain specific mathematical structure;feedback driven optimizer;filter transforms;human tuned transform library code;learning methods;linear digital signal processing transforms;optimization;scientific computing;search methods;transform algorithms;trigonometric transforms;Digital signal processing;Discrete Fourier transforms;Discrete wavelet transforms;Fourier transforms;Humans;Microarchitecture;Portable computers;Scientific computing;Signal processing algorithms;Spirals;Adaptation;Markov decision process;automatic performance tuning;code optimization;discrete Fourier transform (DFT);discrete cosine transform (DCT);fast Fourier transform (FFT);filter;genetic and evolutionary algorithm;high-performance computing;learning;library generation;linear signal transform;search;wavelet}, 
doi={10.1109/JPROC.2004.840306}, 
ISSN={0018-9219}
}

@inproceedings{Ganapathi:2009,
 author = {Ganapathi, Archana and Datta, Kaushik and Fox, Armando and Patterson, David},
 title = {A case for machine learning to optimize multicore performance},
 booktitle = {Proceedings of the First USENIX conference on Hot topics in parallelism},
 series = {HotPar'09},
 year = {2009},
 location = {Berkeley, California},
 acmid = {1855592},
 publisher = {USENIX Association},
 address = {Berkeley, CA, USA},
} 

@article{Bach:2003,
 author = {Bach, Francis R. and Jordan, Michael I.},
 title = {Kernel independent component analysis},
 journal = {J. Mach. Learn. Res.},
 issue_date = {3/1/2003},
 volume = {3},
 month = mar,
 year = {2003},
 issn = {1532-4435},
 pages = {1--48},
 numpages = {48},
 acmid = {944920},
 publisher = {JMLR.org},
 keywords = {Stiefel manifold, blind source separation, canonical correlations, gram matrices, incomplete Cholesky decomposition, independent component analysis, integral equations, kernel methods, mutual information, semiparametric models},
} 

@INPROCEEDINGS{Dongarra:08, 
author={Seymour, K. and You, H. and Dongarra, J.}, 
booktitle={Cluster Computing, 2008 IEEE International Conference on},
title={A comparison of search heuristics for empirical code optimization}, 
year={2008}, 
pages={421-429}, 
keywords={genetic algorithms;particle swarm optimisation;query formulation;simulated annealing;autotuning systems;empirical code optimization;genetic algorithms;nelder-mead simplex;orthogonal search;particle swarm optimization;random search;search heuristics;search process;search techniques;simulated annealing;Application software;Cost function;Genetic algorithms;Hardware;Laboratories;Lifting equipment;Linear algebra;Optimizing compilers;Particle swarm optimization;Simulated annealing}, 
doi={10.1109/CLUSTR.2008.4663803}, 
ISSN={1552-5244}
}

@article{Rice:76,
  title={The Algorithm Selection Problem},
  author={Rice, John R},
  journal={Advances in Computers},
  volume={15},
  pages={65--118},
  year={1976},
  publisher={Elsevier}
}


@inproceedings{Guo:2003,
 author = {Haipeng Guo},
 title = {A Bayesian Approach for Automatic Algorithm Selection},
 booktitle = {Proceedings of the IJCAI Workshop on AI and Autonomic Computing: Developing a Research Agenda for Self-Managing Computer Systems},
 year = {2003}
} 

@book{pearl:1989,
  title={Probabilistic Reasoning in Intelligent Systems: Networks of Plausible Inference},
  author={Pearl, Judea},
  year={1989},
  publisher={Morgan Kaufmann Series in Representation and Reasoning}
}


@inproceedings{Lagoudakis:2000,
 author = {Lagoudakis, Michail G. and Littman, Michael L.},
 title = {Algorithm Selection using Reinforcement Learning},
 booktitle = {Proceedings of the Seventeenth International Conference on Machine Learning},
 series = {ICML '00},
 year = {2000},
 isbn = {1-55860-707-2},
 pages = {511--518},
 numpages = {8},
 acmid = {657981},
 publisher = {Morgan Kaufmann Publishers Inc.},
 address = {San Francisco, CA, USA},
} 

@book{puterman:2009,
  title={Markov decision processes: discrete stochastic dynamic programming},
  author={Puterman, Martin L},
  volume={414},
  year={2009},
  publisher={Wiley-Interscience}
}

@INPROCEEDINGS{Leyton-Brown03,
    author = {Kevin Leyton-Brown and Eugene Nudelman and Galen Andrew and Jim Mcfadden and Yoav Shoham},
    title = {A Portfolio Approach to Algorithm Selection},
    booktitle = {In IJCAI-03},
    year = {2003},
    pages = {1542--1543}
}

@inproceedings{kotthoff:2011,
  title={A preliminary evaluation of machine learning in algorithm selection for search problems},
  author={Kotthoff, Lars and Gent, Ian P and Miguel, Ian},
  booktitle={Fourth Annual Symposium on Combinatorial Search},
  year={2011}
}

@INPROCEEDINGS{Lobjois:98,
    author = {Lionel Lobjois and Michel Lemaitre},
    title = {Branch and Bound Algorithm Selection by Performance Prediction},
    booktitle = {In AAAI},
    year = {1998},
    pages = {353--358},
    publisher = {AAAI}
}


@inproceedings{Guerri:04,
  author    = {Alessio Guerri and Michela Milano},
  title     = {Learning Techniques for Automatic Algorithm Portfolio Selection},
  booktitle = {Proceedings of the 16th Eureopean Conference on Artificial Intelligence, (ECAI 2004)},
  pages     = {475-479},
  publisher = {IOS Press},
  place     = {Valencia, Spain},
  year      = {2004},
  isbn      = {1-58603-452-9}
}

@article{Gomes:2001,
 author = {Gomes, Carla P. and Selman, Bart},
 title = {Algorithm portfolios},
 journal = {Artif. Intell.},
 issue_date = {Feb., 2001},
 volume = {126},
 number = {1-2},
 month = feb,
 year = {2001},
 issn = {0004-3702},
 pages = {43--62},
 numpages = {20},
 doi = {10.1016/S0004-3702(00)00081-3},
 acmid = {370612},
 publisher = {Elsevier Science Publishers Ltd.},
 address = {Essex, UK},
 keywords = {algorithm portfolios, anytime algorithms, cost profiles, empirical evaluation, randomized algorithms},
} 

@INPROCEEDINGS{Fink98,
    author = {Eugene Fink and G. Polya},
    title = {How to Solve It Automatically: Selection Among Problem-Solving Methods},
    booktitle = {Proceedings of the Fourth International Conference on Artificial Intelligence Planning Systems},
    year = {1998},
    pages = {128--136},
    publisher = {AAAI Press}
}


@article{Guyon:2003,
 author = {Guyon, Isabelle and Elisseeff, Andr{\'e}},
 title = {An introduction to variable and feature selection},
 journal = {J. Mach. Learn. Res.},
 issue_date = {3/1/2003},
 volume = {3},
 month = mar,
 year = {2003},
 issn = {1532-4435},
 pages = {1157--1182},
 numpages = {26},
 url = {http://dl.acm.org/citation.cfm?id=944919.944968},
 acmid = {944968},
 publisher = {JMLR.org},
} 

@ARTICLE{hsu:2002, 
author={Chih-Wei Hsu and Chih-Jen Lin}, 
journal={Neural Networks, IEEE Transactions on},
title={A comparison of methods for multiclass support vector machines}, 
year={2002}, 
volume={13}, 
number={2}, 
pages={415-425}, 
keywords={learning automata;pattern classification;DAGSVM;SVMs;binary classifiers;decomposition;directed acyclic graph SVM;multiclass classification;optimization;support vector machines;Computer science;Large-scale systems;Optimization methods;Support vector machine classification;Support vector machines;Training data}, 
doi={10.1109/72.991427}, 
ISSN={1045-9227}
}

@INPROCEEDINGS{platt:2000,
    author = {John C. Platt and Nello Cristianini and John Shawe-taylor},
    title = {Large margin dags for multiclass classification},
    booktitle = {Advances in Neural Information Processing Systems 12},
    year = {2000},
    pages = {547--553}
}


@inproceedings{Brewer:1995,
 author = {Brewer, Eric A.},
 title = {High-level optimization via automated statistical modeling},
 booktitle = {Proceedings of the fifth ACM SIGPLAN symposium on Principles and practice of parallel programming},
 series = {PPOPP '95},
 year = {1995},
 isbn = {0-89791-700-6},
 location = {Santa Barbara, California, USA},
 pages = {80--91},
 numpages = {12},
 acmid = {209946},
 publisher = {ACM},
 address = {New York, NY, USA},
}

@InProceedings{InriaDataset:2008,
  author       = "Herv\'e J\'egou and Matthijs Douze and Cordelia Schmid",
  title        = "Hamming embedding and weak geometric consistency for large scale image search",
  booktitle    = "European Conference on Computer Vision",
  series       = "LNCS",
  volume       = "I",
  pages        = "304--317",
  month        = "oct",
  year         = "2008",
  editor       = "David Forsyth, Philip Torr, Andrew Zisserman",
  publisher    = "Springer",
} 

@inproceedings{STAPL:2005,
 author = {Thomas, Nathan and Tanase, Gabriel and Tkachyshyn, Olga and Perdue, Jack and Amato, Nancy M. and Rauchwerger, Lawrence},
 title = {A framework for adaptive algorithm selection in {STAPL}},
 booktitle = {Proceedings of the tenth ACM SIGPLAN symposium on Principles and practice of parallel programming},
 series = {PPoPP '05},
 year = {2005},
 isbn = {1-59593-080-9},
 location = {Chicago, IL, USA},
 pages = {277--288},
 numpages = {12},
 acmid = {1065981},
 publisher = {ACM},
 address = {New York, NY, USA},
 keywords = {adaptive algorithms, machine learning, matrix multiplication, parallel algorithms, sorting},
} 

@incollection{chen:2006,
year={2006},
isbn={978-3-540-35487-1},
booktitle={Feature Extraction},
volume={207},
series={Studies in Fuzziness and Soft Computing},
editor={Guyon, Isabelle and Nikravesh, Masoud and Gunn, Steve and Zadeh, LotfiA.},
title={Combining SVMs with Various Feature Selection Strategies},
publisher={Springer Berlin Heidelberg},
author={Chen, Yi-Wei and Lin, Chih-Jen},
pages={315-324},
language={English}
}

@book{RBF:2003,
author = {Buhmann, Martin Dietrich},
title = {Radial Basis Functions},
year = {2003},
isbn = {0521633389},
publisher = {Cambridge University Press},
address = {New York, NY, USA},
} 

@inproceedings{Fabeiro:2013,
  author    = {Jorge F. Fabeiro and
               Diego Andrade and
               Basilio B. Fraguela},
  title     = {OCLoptimizer: An Iterative Optimization Tool for OpenCL},
  booktitle = {ICCS},
  year      = {2013},
  pages     = {1322-1331},
  ee        = {http://dx.doi.org/10.1016/j.procs.2013.05.299},
  crossref  = {DBLP:conf/iccS/2013},
  bibsource = {DBLP, http://dblp.uni-trier.de}
}
@proceedings{DBLP:conf/iccS/2013,
  editor    = {Vassil N. Alexandrov and
               Michael Lees and
               Valeria V. Krzhizhanovskaya and
               Jack Dongarra and
               Peter M. A. Sloot},
  title     = {Proceedings of the International Conference on Computational
               Science, ICCS 2013, Barcelona, Spain, 5-7 June, 2013},
  booktitle = {ICCS},
  publisher = {Elsevier},
  series    = {Procedia Computer Science},
  volume    = {18},
  year      = {2013},
  bibsource = {DBLP, http://dblp.uni-trier.de}
}
@inproceedings{Li:2005Sorting,
  author    = {Xiaoming Li and
               Mar\'{\i}a Jes{\'u}s Garzar{\'a}n and
               David A. Padua},
  title     = {Optimizing Sorting with Genetic Algorithms},
  booktitle = {CGO},
  year      = {2005},
  pages     = {99-110},
  ee        = {http://doi.ieeecomputersociety.org/10.1109/CGO.2005.24},
  crossref  = {DBLP:conf/cgo/2005},
  bibsource = {DBLP, http://dblp.uni-trier.de}
}
@proceedings{DBLP:conf/cgo/2005,
  title     = {3nd IEEE / ACM International Symposium on Code Generation
               and Optimization (CGO 2005), 20-23 March 2005, San Jose,
               CA, USA},
  booktitle = {CGO},
  publisher = {IEEE Computer Society},
  year      = {2005},
  isbn      = {0-7695-2298-X},
  bibsource = {DBLP, http://dblp.uni-trier.de}
}

@inproceedings{deMesmay:2010,
  author    = {Fr{\'e}d{\'e}ric de Mesmay and
               Yevgen Voronenko and
               Markus P{\"u}schel},
  title     = {Offline library adaptation using automatically generated
               heuristics},
  booktitle = {IPDPS},
  year      = {2010},
  pages     = {1-10},
  ee        = {http://dx.doi.org/10.1109/IPDPS.2010.5470479},
  crossref  = {DBLP:conf/ipps/2010},
  bibsource = {DBLP, http://dblp.uni-trier.de}
}
@proceedings{DBLP:conf/ipps/2010,
  title     = {24th IEEE International Symposium on Parallel and Distributed
               Processing, IPDPS 2010, Atlanta, Georgia, USA, 19-23 April
               2010 - Conference Proceedings},
  booktitle = {IPDPS},
  publisher = {IEEE},
  year      = {2010},
  bibsource = {DBLP, http://dblp.uni-trier.de}
}

@inproceedings{Cheng:2010PLDI,
  author    = {Yang Chen and
               Yuanjie Huang and
               Lieven Eeckhout and
               Grigori Fursin and
               Liang Peng and
               Olivier Temam and
               Chengyong Wu},
  title     = {Evaluating iterative optimization across 1000 datasets},
  booktitle = {PLDI},
  year      = {2010},
  pages     = {448-459},
  ee        = {http://doi.acm.org/10.1145/1806596.1806647},
  crossref  = {DBLP:conf/pldi/2010},
  bibsource = {DBLP, http://dblp.uni-trier.de}
}
@proceedings{DBLP:conf/pldi/2010,
  editor    = {Benjamin G. Zorn and
               Alexander Aiken},
  title     = {Proceedings of the 2010 ACM SIGPLAN Conference on Programming
               Language Design and Implementation, PLDI 2010, Toronto,
               Ontario, Canada, June 5-10, 2010},
  booktitle = {PLDI},
  publisher = {ACM},
  year      = {2010},
  isbn      = {978-1-4503-0019-3},
  bibsource = {DBLP, http://dblp.uni-trier.de}
}

@INPROCEEDINGS{Luo:2009,
    author = {Lianjie Luo and Yang Chen and Chengyong Wu and Shun Long and Grigori Fursin},
    title = {Finding representative sets of optimizations for adaptive multiversioning applications},
    booktitle = {In 3rd Workshop on Statistical and Machine Learning Approaches Applied to Architectures and Compilation (SMART’09), colocated with HiPEAC’09 conference},
    year = {2009}
}

@ARTICLE{Eeckhout:03,
    author = {Lieven Eeckhout and Hans Vandierendonck and Koen De Bosschere},
    title = {Quantifying the Impact of Input Data Sets on Program Behavior and its Applications},
    journal = {Journal of Instruction-Level Parallelism},
    year = {2003},
    volume = {5},
    pages = {1--33}
}

@inproceedings{Fursin:2005,
  author    = {Grigori Fursin and
               Albert Cohen and
               Michael F. P. O'Boyle and
               Olivier Temam},
  title     = {A Practical Method for Quickly Evaluating Program Optimizations},
  booktitle = {HiPEAC},
  year      = {2005},
  pages     = {29-46},
  ee        = {http://dx.doi.org/10.1007/11587514_4},
  crossref  = {DBLP:conf/hipeac/2005},
  bibsource = {DBLP, http://dblp.uni-trier.de}
}
@proceedings{DBLP:conf/hipeac/2005,
  editor    = {Thomas M. Conte and
               Nacho Navarro and
               Wen-mei W. Hwu and
               Mateo Valero and
               Theo Ungerer},
  title     = {High Performance Embedded Architectures and Compilers, First
               International Conference, HiPEAC 2005, Barcelona, Spain,
               November 17-18, 2005, Proceedings},
  booktitle = {HiPEAC},
  publisher = {Springer},
  series    = {Lecture Notes in Computer Science},
  volume    = {3793},
  year      = {2005},
  isbn      = {3-540-30317-0},
  bibsource = {DBLP, http://dblp.uni-trier.de}
}


@inproceedings{Luk:2009,
 author = {Luk, Chi-Keung and Hong, Sunpyo and Kim, Hyesoon},
 title = {Qilin: Exploiting Parallelism on Heterogeneous Multiprocessors with Adaptive Mapping},
 booktitle = {Proceedings of the 42Nd Annual IEEE/ACM International Symposium on Microarchitecture},
 series = {MICRO 42},
 year = {2009},
 isbn = {978-1-60558-798-1},
 location = {New York, New York},
 pages = {45--55},
 numpages = {11},
 acmid = {1669121},
 publisher = {ACM},
 address = {New York, NY, USA},
 keywords = {GPU, adaptive, dynamic compilation, heterogeneous, mapping, multicore},
} 

@inproceedings{Jimenez:2009,
  author    = {V\'{\i}ctor J. Jim{\'e}nez and
               Llu\'{\i}s Vilanova and
               Isaac Gelado and
               Marisa Gil and
               Grigori Fursin and
               Nacho Navarro},
  title     = {Predictive Runtime Code Scheduling for Heterogeneous Architectures},
  booktitle = {HiPEAC},
  year      = {2009},
  pages     = {19-33},
  ee        = {http://dx.doi.org/10.1007/978-3-540-92990-1_4},
  crossref  = {DBLP:conf/hipeac/2009},
  bibsource = {DBLP, http://dblp.uni-trier.de}
}
@proceedings{DBLP:conf/hipeac/2009,
  editor    = {Andr{\'e} Seznec and
               Joel S. Emer and
               Michael F. P. O'Boyle and
               Margaret Martonosi and
               Theo Ungerer},
  title     = {High Performance Embedded Architectures and Compilers, Fourth
               International Conference, HiPEAC 2009, Paphos, Cyprus, January
               25-28, 2009. Proceedings},
  booktitle = {HiPEAC},
  publisher = {Springer},
  series    = {Lecture Notes in Computer Science},
  volume    = {5409},
  year      = {2009},
  isbn      = {978-3-540-92989-5},
  ee        = {http://dx.doi.org/10.1007/978-3-540-92990-1},
  bibsource = {DBLP, http://dblp.uni-trier.de}
}
