@inproceedings{ansel:2009,
 author = {Ansel, Jason and Chan, Cy and Wong, Yee Lok and Olszewski, Marek and Zhao, Qin and Edelman, Alan and Amarasinghe, Saman},
 title = {PetaBricks: a language and compiler for algorithmic choice},
 booktitle = {Proceedings of the 2009 ACM SIGPLAN conference on Programming language design and implementation},
 series = {PLDI '09},
 year = {2009},
 @isbn = {978-1-60558-392-1},
 location = {Dublin, Ireland},
 pages = {38--49},
 numpages = {12},
 @url = {http://doi.acm.org/10.1145/1542476.1542481},
 @doi = {http://doi.acm.org/10.1145/1542476.1542481},
 acmid = {1542481},
 publisher = {ACM},
 address = {New York, NY, USA},
 keywords = {adaptive, algorithmic choice, autotuning, compiler, implicitly parallel, language},
} 

@inproceedings{muralidharan:2014,
 author = {Muralidharan, Saurav and Shantharam, Manu and Hall, Mary and Garland, Michael and Catanzaro, Bryan},
 title = {Nitro: A Framework for Adaptive Code Variant Tuning},
 booktitle = {Proceedings of the 2014 IEEE 28th International Parallel and Distributed Processing Symposium},
 series = {IPDPS '14},
 year = {2014},
 @isbn = {978-1-4799-3800-1},
 pages = {501--512},
 numpages = {12},
 @url = {http://dx.doi.org/10.1109/IPDPS.2014.59},
 @doi = {10.1109/IPDPS.2014.59},
 acmid = {2650550},
 publisher = {IEEE Computer Society},
 @address = {Washington, DC, USA},
 keywords = {Autotuning, Performance Optimization, GPUs},
} 

@TechReport{ding:2014,
  title={Autotuning Algorithmic Choice for Input Sensitivity},
  author={Ding, Yufei and Ansel, Jason and Veeramachaneni, Kalyan and Shen, Xipeng and O'Reilly, Una-May and Amarasinghe, Saman},
  institution="MIT",
  year={2014},
  note={MIT-CSAIL-TR-2014-014}
}

@inproceedings{sanjukta:2009,
 author = {Bhowmick, Sanjukta and Toth, Brice and Raghavan, Padma},
 title = {Towards Low-Cost, High-Accuracy Classifiers for Linear Solver Selection},
 booktitle = {Proceedings of the 9th International Conference on Computational Science: Part I},
 series = {ICCS '09},
 year = {2009},
 isbn = {978-3-642-01969-2},
 location = {Baton Rouge, LA},
 pages = {463--472},
 numpages = {10},
 @url = {http://dx.doi.org/10.1007/978-3-642-01970-8_45},
 @doi = {10.1007/978-3-642-01970-8_45},
 acmid = {1560810},
 publisher = {Springer-Verlag},
 @address = {Berlin, Heidelberg},
} 

@article{oski,
  author={Vuduc, R and Demmel, J. W and Yelick, K. A},
  title={{O}{S}{K}{I}: A {L}ibrary of {A}utomatically {T}uned {S}parse {M}atrix {K}ernels},
  journal={Journal of Physics: Conference Series},
  volume={16},
  number={1},
  pages={521},
  year={2005},
  @url={http://stacks.iop.org/1742-6596/16/i=1/a=071},
}

@INPROCEEDINGS{tiwari:2009, 
  author={Tiwari, A. and Chun Chen and Chame, J. and Hall, M. and Hollingsworth, J.K.}, 
  booktitle={Parallel Distributed Processing, 2009. IPDPS 2009. IEEE International Symposium on}, 
  title={A scalable auto-tuning framework for compiler optimization}, 
  year={2009}, 
  month={May}, 
  pages={1-12}, 
  keywords={parallel processing;program compilers;CHiLL compiler;Intel compiler;autotuning compiler-generated code;compiler optimization;computation kernels;parallel search backend;scalable autotuning framework;search algorithm;Application software;Computer architecture;Costs;Kernel;Optimizing compilers;Parallel architectures;Program processors;Programming profession;Software libraries;Tuning}, 
  @doi={10.1109/IPDPS.2009.5161054}, 
  @ISSN={1530-2075},
}

@article{khan:2013,
 author = {Khan, Malik and Basu, Protonu and Rudy, Gabe and Hall, Mary and Chen, Chun and Chame, Jacqueline},
 title = {A script-based autotuning compiler system to generate high-performance CUDA code},
 journal = {ACM Trans. Archit. Code Optim.},
 issue_date = {January 2013},
 volume = {9},
 number = {4},
 month = jan,
 year = {2013},
 issn = {1544-3566},
 pages = {31:1--31:25},
 articleno = {31},
 numpages = {25},
 @doi = {10.1145/2400682.2400690},
 acmid = {2400690},
 publisher = {ACM},
 @address = {New York, NY, USA},
} 

@InProceedings{ansel:2011,
  title     = "An Efficient Evolutionary Algorithm for Solving Bottom Up Problems",
  author    = "Jason Ansel and Maciej Pacula and Saman Amarasinghe and Una-May O'Reilly",
  booktitle = "Annual Conference on Genetic and Evolutionary Computation",
  address   = "Dublin, Ireland",
  month     = "July",
  year      = "2011",
  keywords  = "PetaBricks",
  @url       = "http://groups.csail.mit.edu/commit/papers/2011/ansel-gecco11-pbautotuner.pdf",
}

@inproceedings{tabatabaee:2005,
 author = {Tabatabaee, Vahid and Tiwari, Ananta and Hollingsworth, Jeffrey K.},
 title = {Parallel Parameter Tuning for Applications with Performance Variability},
 booktitle = {Proceedings of the 2005 ACM/IEEE conference on Supercomputing},
 series = {SC '05},
 month = Nov,
 year = {2005},
 isbn = {1-59593-061-2},
 @url = {http://dx.doi.org/10.1109/SC.2005.52},
 @doi = {10.1109/SC.2005.52},
 acmid = {1105822},
 publisher = {IEEE Computer Society},
 @address = {Washington, DC, USA},
} 

@inproceedings{ren:2008,
  author    = {Manman Ren and Ji Young Park and Mike Houston and Alex Aiken and William J. Dally},
  title     = "{A Tuning Framework for Software-Managed Memory Hierarchies}",
  booktitle = "International Conference on Parallel Architectures and Compilation Techniques",
  year      = {2008},
  pages     = {280-291},
  month = {October}
}

@INPROCEEDINGS{yi:2007,
  author={Qing Yi and Seymour, K. and You, H. and Vuduc, R. and Quinlan, D.}, 
  booktitle={Parallel and Distributed Processing Symposium, 2007. IPDPS 2007. IEEE International},
  title={POET: Parameterized Optimizations for Empirical Tuning}, 
  year={2007}, 
  pages={1-8}, 
  keywords={authoring languages;optimising compilers;program control structures;program diagnostics;POET embedded scripting language;code transformation;compiler-based source-code optimizer;empirical tuning system;linear algebra kernel;parameterized loop optimization;program analysis;static analysis;Application software;Kernel;Laboratories;Libraries;Linear algebra;Optimizing compilers;Performance analysis;Performance evaluation;Predictive models;Program processors}, 
  @doi={10.1109/IPDPS.2007.370637}
}

@ARTICLE{puschel:2005,
  AUTHOR = {Markus P{\"u}schel and Jos{\'e} M. F. Moura and Jeremy Johnson and David Padua and Manuela Veloso and Bryan Singer and Jianxin Xiong and Franz Franchetti and Aca Gacic and Yevgen Voronenko and Kang Chen and Robert W. Johnson and Nicholas Rizzolo},
  TITLE = {{SPIRAL}: Code Generation for {DSP} Transforms},
  JOURNAL = {Proceedings of the IEEE, special issue on ``Program Generation, Optimization, and Adaptation''},
  VOLUME = {93},
  NUMBER = {2},
  PAGES = {232-- 275},
  YEAR = {2005}
}

@inproceedings{ganapathi:2009,
 author = {Ganapathi, Archana and Datta, Kaushik and Fox, Armando and Patterson, David},
 title = {A case for machine learning to optimize multicore performance},
 booktitle = {Proceedings of the First USENIX conference on Hot topics in parallelism},
 series = {HotPar'09},
 year = {2009},
 location = {Berkeley, California},
 acmid = {1855592},
 publisher = {USENIX Association},
 @address = {Berkeley, CA, USA},
} 

@INPROCEEDINGS{dongarra:08, 
  author={Seymour, K. and You, H. and Dongarra, J.}, 
  booktitle={Cluster Computing, 2008 IEEE International Conference on},
  title={A comparison of search heuristics for empirical code optimization}, 
  year={2008}, 
  pages={421-429}, 
  keywords={genetic algorithms;particle swarm optimisation;query formulation;simulated annealing;autotuning systems;empirical code optimization;genetic algorithms;nelder-mead simplex;orthogonal search;particle swarm optimization;random search;search heuristics;search process;search techniques;simulated annealing;Application software;Cost function;Genetic algorithms;Hardware;Laboratories;Lifting equipment;Linear algebra;Optimizing compilers;Particle swarm optimization;Simulated annealing}, 
  @doi={10.1109/CLUSTR.2008.4663803}, 
  ISSN={1552-5244}
}

@article{rice:76,
  title={The Algorithm Selection Problem},
  author={Rice, John R},
  journal={Advances in Computers},
  volume={15},
  pages={65--118},
  year={1976},
  publisher={Elsevier}
}


@inproceedings{guo:2003,
 author = {Haipeng Guo},
 title = {A Bayesian Approach for Automatic Algorithm Selection},
 booktitle = {Proceedings of the IJCAI Workshop on AI and Autonomic Computing: Developing a Research Agenda for Self-Managing Computer Systems},
 year = {2003}
} 

@inproceedings{lagoudakis:2000,
 author = {Lagoudakis, Michail G. and Littman, Michael L.},
 title = {Algorithm Selection using Reinforcement Learning},
 booktitle = {Proceedings of the Seventeenth International Conference on Machine Learning},
 series = {ICML '00},
 year = {2000},
 @isbn = {1-55860-707-2},
 pages = {511--518},
 numpages = {8},
 acmid = {657981},
 publisher = {Morgan Kaufmann Publishers Inc.},
 @address = {San Francisco, CA, USA},
} 

@inproceedings{leyton-brown:2003,
 author = {Leyton-Brown, Kevin and Nudelman, Eugene and Andrew, Galen and McFadden, Jim and Shoham, Yoav},
 title = {A Portfolio Approach to Algorithm Select},
 booktitle = {Proceedings of the 18th International Joint Conference on Artificial Intelligence},
 series = {IJCAI'03},
 year = {2003},
 location = {Acapulco, Mexico},
 pages = {1542--1543},
 numpages = {2},
 acmid = {1630927},
 publisher = {Morgan Kaufmann Publishers Inc.},
 @address = {San Francisco, CA, USA},
} 

@inproceedings{kotthoff:2011,
  title={A preliminary evaluation of machine learning in algorithm selection for search problems},
  author={Kotthoff, Lars and Gent, Ian P and Miguel, Ian},
  booktitle={Fourth Annual Symposium on Combinatorial Search},
  year={2011}
}

@inproceedings{lobjois:1998,
 author = {Lobjois, Lionel and Lema\^{\i}tre, Michel},
 title = {Branch and Bound Algorithm Selection by Performance Prediction},
 booktitle = {Proceedings of the Fifteenth National/Tenth Conference on Artificial Intelligence/Innovative Applications of Artificial Intelligence},
 series = {AAAI '98/IAAI '98},
 year = {1998},
 isbn = {0-262-51098-7},
 location = {Madison, Wisconsin, USA},
 pages = {353--358},
 numpages = {6},
 acmid = {295633},
 publisher = {American Association for Artificial Intelligence},
 @address = {Menlo Park, CA, USA},
} 

@inproceedings{guerri:2004,
  author    = {Alessio Guerri and Michela Milano},
  title     = {Learning Techniques for Automatic Algorithm Portfolio Selection},
  booktitle = {Proceedings of the 16th Eureopean Conference on Artificial Intelligence, (ECAI 2004)},
  pages     = {475-479},
  publisher = {IOS Press},
  place     = {Valencia, Spain},
  year      = {2004},
  isbn      = {1-58603-452-9}
}

@article{gomes:2001,
 author = {Gomes, Carla P. and Selman, Bart},
 title = {Algorithm portfolios},
 journal = {Artif. Intell.},
 issue_date = {Feb., 2001},
 volume = {126},
 number = {1-2},
 month = feb,
 year = {2001},
 issn = {0004-3702},
 pages = {43--62},
 numpages = {20},
 @url = {http://dx.doi.org/10.1016/S0004-3702(00)00081-3},
 @doi = {10.1016/S0004-3702(00)00081-3},
 acmid = {370612},
 publisher = {Elsevier Science Publishers Ltd.},
 @address = {Essex, UK},
 keywords = {algorithm portfolios, anytime algorithms, cost profiles, empirical evaluation, randomized algorithms},
} 

@INPROCEEDINGS{fink:1998,
    author = {Eugene Fink and G. Polya},
    title = {How to Solve It Automatically: Selection Among Problem-Solving Methods},
    booktitle = {Proceedings of the Fourth International Conference on Artificial Intelligence Planning Systems},
    year = {1998},
    pages = {128--136},
    publisher = {AAAI Press}
}

@inproceedings{brewer:1995,
 author = {Brewer, Eric A.},
 title = {High-level optimization via automated statistical modeling},
 booktitle = {Proceedings of the fifth ACM SIGPLAN symposium on Principles and practice of parallel programming},
 series = {PPOPP '95},
 year = {1995},
 isbn = {0-89791-700-6},
 location = {Santa Barbara, California, USA},
 pages = {80--91},
 numpages = {12},
 @url = {http://doi.acm.org/10.1145/209936.209946},
 @doi = {10.1145/209936.209946},
 acmid = {209946},
 publisher = {ACM},
 @address = {New York, NY, USA},
}

@inproceedings{STAPL:2005,
 author = {Thomas, Nathan and Tanase, Gabriel and Tkachyshyn, Olga and Perdue, Jack and Amato, Nancy M. and Rauchwerger, Lawrence},
 title = {A framework for adaptive algorithm selection in {STAPL}},
 booktitle = {Proceedings of the tenth ACM SIGPLAN symposium on Principles and practice of parallel programming},
 series = {PPoPP '05},
 year = {2005},
 isbn = {1-59593-080-9},
 location = {Chicago, IL, USA},
 pages = {277--288},
 numpages = {12},
 @url = {http://doi.acm.org/10.1145/1065944.1065981},
 @doi = {10.1145/1065944.1065981},
 acmid = {1065981},
 publisher = {ACM},
 @address = {New York, NY, USA},
 keywords = {adaptive algorithms, machine learning, matrix multiplication, parallel algorithms, sorting},
} 

@INPROCEEDINGS{li:2005,
  author={Xiaoming Li and Garzaran, M.J. and Padua, D.}, 
  booktitle={Code Generation and Optimization, 2005. CGO 2005. International Symposium on}, 
  title={Optimizing sorting with genetic algorithms}, 
  year={2005}, 
  month={March}, 
  pages={99-110}, 
  keywords={genetic algorithms;learning (artificial intelligence);optimising compilers;software libraries;sorting;C++ STL;IBM ESSL;INTEL MKL;classifier system;code generation;genetic algorithm;hierarchically-organized hybrid sorting algorithm;machine learning techniques;standard deviation;Character generation;Computer architecture;Genetic algorithms;Machine learning;Machine learning algorithms;Manuals;Power generation;Sorting;Spirals;Tiles}, 
  @doi={10.1109/CGO.2005.24},
}

@INPROCEEDINGS{demesmay:2010, 
  author={de Mesmay, F. and Voronenko, Y. and Puschel, M.}, 
  booktitle={Parallel Distributed Processing (IPDPS), 2010 IEEE International Symposium on}, 
  title={Offline library adaptation using automatically generated heuristics}, 
  year={2010}, 
  month={April}, 
  pages={1-10}, 
  keywords={decision trees;learning (artificial intelligence);pattern classification;software libraries;statistical analysis;ATLAS;FFTW;Spiral-generated adaptive transform libraries;automatic tuning;automatically generated heuristics;decision trees;high-performance libraries;offline adaptive libraries;statistical classifier;Classification tree analysis;Computer architecture;Decision trees;Discrete Fourier transforms;High performance computing;Linear algebra;Runtime;Software libraries;Timing;Writing;FFT;automatic performance tuning;decision trees;fast Fourier transform;high-performance computing;library generation;machine learning;statistical classifier}, 
  @doi={10.1109/IPDPS.2010.5470479}, 
  ISSN={1530-2075},}

@INPROCEEDINGS{luo:2009,
    author = {Lianjie Luo and Yang Chen and Chengyong Wu and Shun Long and Grigori Fursin},
    title = {Finding representative sets of optimizations for adaptive multiversioning applications},
    booktitle = {In 3rd Workshop on Statistical and Machine Learning Approaches Applied to Architectures and Compilation (SMART’09), colocated with HiPEAC’09 conference},
    year = {2009}
}

@ARTICLE{eeckhout:2003,
    author = {Lieven Eeckhout and Hans Vandierendonck and Koen De Bosschere},
    title = {Quantifying the Impact of Input Data Sets on Program Behavior and its Applications},
    journal = {Journal of Instruction-Level Parallelism},
    year = {2003},
    volume = {5},
    pages = {1--33}
}

@inproceedings{luk:2009,
 author = {Luk, Chi-Keung and Hong, Sunpyo and Kim, Hyesoon},
 title = {Qilin: Exploiting Parallelism on Heterogeneous Multiprocessors with Adaptive Mapping},
 booktitle = {Proceedings of the 42Nd Annual IEEE/ACM International Symposium on Microarchitecture},
 series = {MICRO 42},
 year = {2009},
 isbn = {978-1-60558-798-1},
 location = {New York, New York},
 pages = {45--55},
 numpages = {11},
 @url = {http://doi.acm.org/10.1145/1669112.1669121},
 @doi = {10.1145/1669112.1669121},
 acmid = {1669121},
 publisher = {ACM},
 address = {New York, NY, USA},
 keywords = {GPU, adaptive, dynamic compilation, heterogeneous, mapping, multicore},
} 

@inproceedings{cavazos:2007,
 author = {Cavazos, John and Fursin, Grigori and Agakov, Felix and Bonilla, Edwin and O'Boyle, Michael F. P. and Temam, Olivier},
 title = {Rapidly Selecting Good Compiler Optimizations Using Performance Counters},
 booktitle = {Proceedings of the International Symposium on Code Generation and Optimization},
 series = {CGO '07},
 year = {2007},
 isbn = {0-7695-2764-7},
 pages = {185--197},
 numpages = {13},
 @url = {http://dx.doi.org/10.1109/CGO.2007.32},
 @doi = {10.1109/CGO.2007.32},
 acmid = {1252540},
 publisher = {IEEE Computer Society},
 address = {Washington, DC, USA},
} 




@ARTICLE{atlas,
    author = {R. Clint Whaley and Antoine Petitet and Jack J. Dongarra},
    title = {Automated Empirical Optimization of Software and the ATLAS Project},
    journal = {PARALLEL COMPUTING},
    year = {2000},
    volume = {27},
    pages = {2001}
}



@inproceedings{phipac,
 author = {Bilmes, Jeff and Asanovic, Krste and Chin, Chee-Whye and Demmel, Jim},
 title = {Optimizing Matrix Multiply Using PHiPAC: A Portable, High-performance, ANSI C Coding Methodology},
 booktitle = {Proceedings of the 11th International Conference on Supercomputing},
 series = {ICS '97},
 year = {1997},
 isbn = {0-89791-902-5},
 location = {Vienna, Austria},
 pages = {340--347},
 numpages = {8},
 doi = {10.1145/263580.263662},
 acmid = {263662},
 publisher = {ACM},
 address = {New York, NY, USA},
} 

@INPROCEEDINGS{fftw,
    author = {Matteo Frigo and Steven G. Johnson},
    title = {The Fastest Fourier Transform in the West},
    booktitle = {the Proceedings of the 1998 International Conference on Acoustics, Speech, and Signal Processing, ICASSP '98},
    year = {1997}
}


@inproceedings{patus,
 author = {Christen, Matthias and Schenk, Olaf and Burkhart, Helmar},
 title = {PATUS: A Code Generation and Autotuning Framework for Parallel Iterative Stencil Computations on Modern Microarchitectures},
 booktitle = {Proceedings of the 2011 IEEE International Parallel \& Distributed Processing Symposium},
 series = {IPDPS '11},
 year = {2011},
 isbn = {978-0-7695-4385-7},
 pages = {676--687},
 numpages = {12},
 doi = {10.1109/IPDPS.2011.70},
 acmid = {2059499},
 publisher = {IEEE Computer Society},
 address = {Washington, DC, USA},
} 

@article{Datta:2009,
 author = {Datta, Kaushik and Kamil, Shoaib and Williams, Samuel and Oliker, Leonid and Shalf, John and Yelick, Katherine},
 title = {Optimization and Performance Modeling of Stencil Computations on Modern Microprocessors},
 journal = {SIAM Rev.},
 issue_date = {February 2009},
 volume = {51},
 number = {1},
 month = feb,
 year = {2009},
 issn = {0036-1445},
 pages = {129--159},
 numpages = {31},
 doi = {10.1137/070693199},
 acmid = {1654030},
 publisher = {Society for Industrial and Applied Mathematics},
 address = {Philadelphia, PA, USA},
 keywords = {AMD Opteron, IBM Power5, Intel Itanium2, STI Cell, cache blocking, cache-oblivious algorithms, performance evaluation, performance modeling, stencil computations, time skewing},
} 


@INPROCEEDINGS{Kamil10,
    author = {Shoaib Kamil and Cy Chan and Leonid Oliker and John Shalf and Samuel Williams},
    title = {An auto-tuning framework for parallel multicore stencil computations},
    booktitle = {In International Parallel and Distributed Processing Symposium (IPDPS) },
    year = {2010}
}



@inproceedings{YixunLiu:2009,
 author = {Yixun Liu and Zhang, Eddy Z. and Shen, Xipeng},
 title = {A Cross-input Adaptive Framework for GPU Program Optimizations},
 booktitle = {Proceedings of the 2009 IEEE International Symposium on Parallel\&Distributed Processing},
 series = {IPDPS '09},
 year = {2009},
 isbn = {978-1-4244-3751-1},
 pages = {1--10},
 numpages = {10},
 doi = {10.1109/IPDPS.2009.5160988},
 acmid = {1587597},
 publisher = {IEEE Computer Society},
 address = {Washington, DC, USA},
} 




@inproceedings{Stephenson:2005,
 author = {Stephenson, Mark and Amarasinghe, Saman},
 title = {Predicting Unroll Factors Using Supervised Classification},
 booktitle = {Proceedings of the International Symposium on Code Generation and Optimization},
 series = {CGO '05},
 year = {2005},
 pages = {123--134},
 numpages = {12},
 doi = {10.1109/CGO.2005.29},
 acmid = {1048981},
 publisher = {IEEE Computer Society},
 address = {Washington, DC, USA},
} 


@inproceedings{DBLP,
  author    = {David Parello and
               Olivier Temam and
               Albert Cohen and
               Jean{-}Marie Verdun},
  title     = {Towards a Systematic, Pragmatic and Architecture-Aware Program Optimization
               Process for Complex Processors},
  booktitle = {Proceedings of the {ACM/IEEE} {SC2004} Conference on High Performance
               Networking and Computing, 6-12 November 2004, Pittsburgh, PA, USA,
               CD-Rom},
  pages     = {15},
  year      = {2004},
}

@inproceedings{chen,
	author  = {C. Chen},
	title = {Model-guided empirical optimization for memory hierarchy},
	booktitle = {Ph.D dissertation, University of Southern California},
	year = {May 2007}
}
	
	
@inproceedings{orio,
  added-at = {2009-10-12T00:00:00.000+0200},
  author = {Hartono, Albert and Norris, Boyana and Sadayappan, Ponnuswamy},
  biburl = {http://www.bibsonomy.org/bibtex/2620cbe0af6bfe4ab3c9b571010e95626/dblp},
  booktitle = {IPDPS},
  date = {2009-10-12},
  description = {dblp},
  interhash = {13acff9ecd0008c81787e51ec3790a2f},
  intrahash = {620cbe0af6bfe4ab3c9b571010e95626},
  keywords = {dblp},
  pages = {1-11},
  publisher = {IEEE},
  timestamp = {2009-10-13T11:35:29.000+0200},
  title = {Annotation-based empirical performance tuning using Orio.},
  year = 2009
}



@inproceedings{Donadio:2005,
 author = {Donadio, Sebastien and Brodman, James and Roeder, Thomas and Yotov, Kamen and Barthou, Denis and Cohen, Albert and Garzar\'{a}n, Mar\'{\i}a Jes\'{u}s and Padua, David and Pingali, Keshav},
 title = {A Language for the Compact Representation of Multiple Program Versions},
 booktitle = {Proceedings of the 18th International Conference on Languages and Compilers for Parallel Computing},
 series = {LCPC'05},
 year = {2006},
 location = {Hawthorne, NY},
 pages = {136--151},
 numpages = {16},
 doi = {10.1007/978-3-540-69330-7_10},
 acmid = {2081906},
 publisher = {Springer-Verlag},
 address = {Berlin, Heidelberg},
} 

@inproceedings{Merrill2012,
    title = {Policy-based Tuning for Performance Portability and Library Co-optimization},
    author = {Duane Merrill and Michael Garland and Andrew Grimshaw},
    booktitle = {Proc. Innovative Parallel Computing (InPar 2012)},
    year = 2012,
    month = may,
}


@inproceedings{Magni:2013,
 author = {Magni, Alberto and Dubach, Christophe and O'Boyle, Michael F. P.},
 title = {A Large-scale Cross-architecture Evaluation of Thread-coarsening},
 booktitle = {Proceedings of the International Conference on High Performance Computing, Networking, Storage and Analysis},
 series = {SC '13},
 year = {2013},
 location = {Denver, Colorado},
 pages = {11:1--11:11},
 articleno = {11},
 numpages = {11},
 doi = {10.1145/2503210.2503268},
 acmid = {2503268},
 publisher = {ACM},
 address = {New York, NY, USA},
 keywords = {GPU, OpenCL, regression trees, thread coarsening},
} 


@inproceedings{Catanzaro:2014,
 author = {Catanzaro, Bryan and Keller, Alexander and Garland, Michael},
 title = {A Decomposition for In-place Matrix Transposition},
 booktitle = {Proceedings of the 19th ACM SIGPLAN Symposium on Principles and Practice of Parallel Programming},
 series = {PPoPP '14},
 year = {2014},
 location = {Orlando, Florida, USA},
 pages = {193--206},
 numpages = {14},
 doi = {10.1145/2555243.2555253},
 acmid = {2555253},
 publisher = {ACM},
 address = {New York, NY, USA},
 keywords = {in-place transposition},
} 

@INPROCEEDINGS{bonilla:2007,
    author = {Edwin V. Bonilla and Felix V. Agakov and Christopher K. I. Williams},
    title = {Kernel multi-task learning using task-specific features},
    booktitle = {In Proceedings of the 11th International Conference on Artificial Intelligence and Statistics (AISTATS},
    year = {2007}
}

@article{caruana:1997,
 author = {Caruana, Rich},
 title = {Multitask Learning},
 journal = {Mach. Learn.},
 issue_date = {July 1997},
 volume = {28},
 number = {1},
 month = jul,
 year = {1997},
 issn = {0885-6125},
 pages = {41--75},
 numpages = {35},
 publisher = {Kluwer Academic Publishers},
} 
